<?xml version="1.0" encoding="UTF-8"?><collection xmlns="http://www.loc.gov/MARC21/slim"><record><leader>00514nam--2200133-i-4500</leader><controlfield tag="001">000041146</controlfield><controlfield tag="002">20161230</controlfield><controlfield tag="005">20161230201043</controlfield><controlfield tag="008">060222s1000------------r-----000-0-eng-d</controlfield><datafield ind1=" " ind2=" " tag="080"><subfield code="a">621.375.826(083.7)</subfield></datafield><datafield ind1=" " ind2=" " tag="245"><subfield code="a">Securite du rayonnement des appareils a laser, classification des materials, prescriptions et guide de l`utilisateur</subfield></datafield><datafield ind1=" " ind2=" " tag="260"><subfield code="a">Geneve, Bureau Central De La Commission Electrotechnique Internationale, 1984, 137p</subfield></datafield><datafield ind1=" " ind2=" " tag="490"><subfield code="a">Commission Electrotechnique Internationale Publication 825</subfield></datafield><datafield ind1=" " ind2=" " tag="852"><subfield code="a">21938</subfield></datafield></record></collection>